@online{DiodeEquations,
  author = {ROHM},
  title = {Power Loss and Thermal Design of Diodes},
  year = {2023},
  url = {https://fscdn.rohm.com/en/products/databook/applinote/discrete/diodes/power_loss_and_thermal_design_of_diodes_an-e.pdf},
  note = {Revision: R2043A, Accessed: 2025-09-10}
}
@manual{6A10DataSheet,
  author = {DIODES [Diodes Incorporated]},
  title = {6A05 - 6A10 6.0A SILICON RECTIFIER},
  year = {N/A},
  url = {https://www.alldatasheet.com/datasheet-pdf/pdf/58864/DIODES/6A10.html},
  note = {Revision: DS28009 Rev. F-2, Accessed: 2025-09-10},
}